@online{new-economy,
    author = { Investopedia },
    title = { New Economy: Definition, History, Examples of Companies },
    url = "https://www.investopedia.com/terms/n/neweconomy.asp",
    addendum = "(accessed: 20.12.2022)",
    keywords = "new-economy"
}

@inproceedings{lang-popularity,
    author = {Bissyandé, Tegawendé and Thung, Ferdian and Lo, David and Jiang, Lingxiao and Reveillere, L.},
    year = {2013},
    month = {07},
    pages = {303-312},
    title = {Popularity, Interoperability, and Impact of Programming Languages in 100,000 Open Source Projects},
    journal = {Proceedings - International Computer Software and Applications Conference},
    doi = {10.1109/COMPSAC.2013.55}
}

@online{lang-pop-devs,
    author = {Lionel Sujay Vailshery},
    title = "Most used programming languages among developers worldwide as of 2022",
    url= "https://www.statista.com/statistics/793628/worldwide-developer-survey-most-used-languages/",
    addendum = "(accessed: 21.12.2022)",
    keywords = "stats, programming-languages"
}

@online{cybercrimes-statistics,
    author = "Checkpoint",
    title = "Check Point Research: Third quarter of 2022 reveals increase in cyberattacks and unexpected developments in global trends",
    url  = "https://blog.checkpoint.com/2022/10/26/third-quarter-of-2022-reveals-increase-in-cyberattacks/#:~:text=Global%20attacks%20increased%20by%2028,organization%20worldwide%20reached%20over%201%2C130",
    addendum = "(accessed: 04.12.2022)",
    keywords = "cybercrimes, statistics"
}

@article{cybercrimes-ponemon-2014,
    author = "Ponemon Institute L",
    title = "2014 Global Report on the Cost of
Cyber Crime",
    volume = "31",
    pages = "1-3",
    year = "2014",
    DOI = "http://techindiainfo.com/wp-content/uploads/2015/04/2014_GLOBAL_CCC_FINAL_3.pdf",
    keywords = "cybercrimes, ponemon, statistics"
}

@article{cybercrimes-ponemon-2017,
    author = "Ponemon Institute L",
    title = "COST OF
CYBER CRIME
STUDY",
    journal = "INSIGHTS ON THE
SECURITY INVESTMENTS
THAT MAKE A DIFFERENCE",
    volume = "56",
    pages = "2-3, 28",
    year = "2017",
    DOI = "https://www.accenture.com/_acnmedia/pdf-62/accenture-2017costcybercrime-us-final.pdf",
    keywords = "cybercrimes, ponemon, statistics"
}

@online{most-secure-pl,
        author = "WHITESOURCE",
        title = "WHAT ARE THE
MOST SECURE
PROGRAMMING
LANGUAGES?",
        
        url = "https://www.mend.io/most-secure-programming-languages",
        addendum = "(accessed: 05.12.2022)",
        keywords = "most-secure, programming-languages"
        
}


@article{study-large-projects,
  author={Pereira, José D’Abruzzo and Ivaki, Naghmeh and Vieira, Marco},
  journal={IEEE Access}, 
  title={Characterizing Buffer Overflow Vulnerabilities in Large C/C++ Projects}, 
  year={2021},
  volume={9},
  number={},
  pages={142879-142892},
  doi={10.1109/ACCESS.2021.3120349}
}


@online{wiki-llvm,
        author = "Wikipedia",
        title = "LLVM",
        url = "https://en.wikipedia.org/wiki/LLVM",
        addendum = "(accessed: 04.12.2022)",
        keywords = "llvm, compiler"
}

@INPROCEEDINGS{comparison-sat,  author={Arusoaie, Andrei and Ciobâca, Stefan and Craciun, Vlad and Gavrilut, Dragos and Lucanu, Dorel},  booktitle={2017 19th International Symposium on Symbolic and Numeric Algorithms for Scientific Computing (SYNASC)},   title={A Comparison of Open-Source Static Analysis Tools for Vulnerability Detection in C/C++ Code},   year={2017},  volume={},  number={},  pages={161-168},  doi={10.1109/SYNASC.2017.00035}}


@online{wiki-cert,
        author = "Wikipedia",
        title = "CERT Coding Standards",
        url = "https://en.wikipedia.org/wiki/CERT_Coding_Standards",
        addendum = "(accessed: 04.12.2022)",
        keywords = "wiki, cert, standards"
}

@online{sei-cert,
        author = "Carnegie Mellon Software Engineering Institute",
        title = "SEI CERT C++ Coding Standard",
        url = "https://wiki.sei.cmu.edu/confluence/pages/viewpage.action?pageId=88046682",
        addendum = "(accessed: 04.12.2022)",
        keywords = "cert, standards"
}


@online{cert-45,
        author = "SEI CERT C++ Coding Standard",
        title = "EXP45-C. Do not perform assignments in selection statements",
        url = "https://wiki.sei.cmu.edu/confluence/display/c/EXP45-C.+Do+not+perform+assignments+in+selection+statements",
        addendum = "(accessed: 04.12.2022)",
        keywords = "cert, exp45-c, standards"
}


@online{cert-unexpected,
        author = "SEI CERT C++ Coding Standard",
        title = "BB. Definitions",
        url = "https://wiki.sei.cmu.edu/confluence/display/c/BB.+Definitions#BB.Definitions-unexpectedbehavior",
        addendum = "(accessed: 05.12.2022)",
        keywords = "cert, unexpected-behavior, standards"
}


@online{ppt-unexpected,
        author = " Arno Lepisk",
        title = "Unexpected behavior in C++ - Arno Lepisk - StockholmCpp 2019-09-26",
        url = "https://github.com/f00ale/presentations/blob/master/Unexpected%20behavior%20in%20C%2B%2B%20-%20Arno%20Lepisk%20-%20StockholmCpp%202019-09-26.pdf",
        addendum = "(accessed: 05.12.2022)",
        keywords = "unexpected-behavior, standards"
}

@online{ps-vulnarability,
    author = "Andy Nguyen",
    title = {size\_t-to-int vulnerability in exFAT leads to memory corruption via malformed USB flash drives},
    url = "https://hackerone.com/reports/1340942",
    addendum = "(accessed: 05.12.2022)",
    keywords = "unexpected-behavior, vulnerability"
}

@online{clang-tidy-source,
    author = "LLVM open source community",
    title = "Clang Tidy source location",
    url = "https://github.com/llvm/llvm-project/tree/main/clang-tools-extra/clang-tidy",
    addendum = "(accessed: 06.12.2022)",
    keywords = "clang-tidy"
}

@online{clangd,
    author = "Clangd",
    title = "Getting started",
    url = "https://clangd.llvm.org/installation.html#editor-plugins",
    addendum = "(accessed: 08.12.2022)",
    keywords = "clangd, editors"
}


@online{codechecker-elte,
    author = "A. Fekete, Z. Gera, Z. Porkoláb",
    title = "BUILDING BRIDGES BETWEEN ACADEMY AND INDUSTRY: IMPROVING CRUCIAL DEVELOPMENT SKILLS THROUGH PARTICIPATING IN OPEN SOURCE PROJECTS",
    url = "https://library.iated.org/view/FEKETE2022BUI",
    addendum = "(accessed: 08.12.2022)",
    keywords = "clang-tidy, static-analysis-tool, elte, codechecker"
}


@article{analysis-techniques,
    author = {Fülöp, Endre and Pataki, Norbert},
    year = {2020},
    month = {12},
    pages = {107-115},
    title = {A DSL for Resource Checking Using Finite State Automaton-Driven Symbolic   Execution},
    volume = {11},
    journal = {Open Computer Science},
    doi = {10.1515/comp-2020-0120}
}

@article{clang-sa-guide,
    author = {Artem Dergachev},
    year = 2014,
    pages = {0-67},
    title = {Clang Static Analyzer - A Checker Developer's Guide.},
    volume = {67},
    journal = {},
    doi = {https://github.com/haoNoQ/clang-analyzer-guide}
}

@online{ast-definition,
    author = {Deepsource},
    title = "Abstract Syntax Tree",
    url = "http://clang.llvm.org/docs/LibASTMatchers.html",
    addendum = "(accessed: 10.12.2022)",
    keywords = "clang-tidy, ast, definition"
}


@article{ast-nasa,
    year = 1985,
    pages = {1-10},
    author = "NASA",
    title = {An algorithm for generating abstract syntax trees},
    volume = {22},
    journal = {NASA},
    doi = {https://ntrs.nasa.gov/api/citations/19850013693/downloads/19850013693.pdf}
}


@online{llvm-ast,
    author = {LLVM},
    title = "Introduction to the Clang AST",
    url = "https://clang.llvm.org/docs/IntroductionToTheClangAST.html",
    addendum = "(accessed: 10.12.2022)",
    keywords = "clang-tidy, ast"
}


@online{mozilla-clang-query,
    author = "Mozilla",
    title = "Writing in clang-query",
    url = "https://firefox-source-docs.mozilla.org/code-quality/static-analysis/writing-new/clang-query.html",
    addendum = "(accessed: 10.12.2022)",
    keywords = "clang-query, ast"
}

@online{parsing-problems,
    author = "Josh Haberman",
    url = "https://blog.reverberate.org/2013/09/ll-and-lr-in-context-why-parsing-tools.html",
    title = "LL and LR in Context: Why Parsing Tools Are Hard",
    addendum = "(accessed: 14.12.2022)",
    keywords = "parsing"
}


@online{clang-parsing,
    author = "LLVM team",
    url = "https://clang.llvm.org/features.html",
    title = "Features",
    addendum = "(accessed: 14.12.2022)",
    keywords = "parsing"
}

@article{code-read-write,  
    author={Erlikh, L.},  
    journal={IT Professional},   
    title={Leveraging legacy system dollars for e-business},
    year={2000},  
    volume={2},
    number={3},
    pages={17-23},
    doi={10.1109/6294.846201}
}
